@article{1,
  author={Bjrn and Sander and Andreas and Bernauer and Wolfgang and Rosenstiel},
  title={Design and Run-time Reliability at the Electronic System Level},
  journal={Information and Media Technologies},
  year={2010},
  volume={5},
  number={4},
  pages={1043-1063},
}

@inproceedings{2,  
  author={S. Swan},
  booktitle={2006 43rd ACM/IEEE Design Automation Conference},   
  title={SystemC transaction level models and RTL verification},   
  year={2006},  
  pages={90-92},  
  }

@phdthesis{3,
  title={基于ESL方法的AVS和H.264通用解码器的软硬件协同设计},
  author={齐晓彬},
  year={2007},
  school={上海交通大学},
}

@inproceedings{4,
  author          = {D. Gajski and N. Dutt and A. Wu and Steve Y-L Lin},
  title           = {High - Level Synthesis: Introduction to Chip and System Design},
  year            = {1992}
}

@inproceedings{5,
  title={Design space exploration with evolutionary multi-objective optimisation},
  author={Holzer, Martin and Knerr, Bastian and Rupp, Markus},
  booktitle={2007 International Symposium on Industrial Embedded Systems},
  pages={126--133},
  year={2007},
  organization={IEEE}
}

@misc{6,
  author={Vignaux T. and Muller K. Helmbold},
  title={Simpy},
  url={http://simpy.readthedocs.org/},
  howpublished={[EB/OL]},
  year={2002-2020}
}

@misc{7,
  author={Banerjee A, Sur B},
  title={Introduction to SystemC},
  url={https://doi.org/10.1007/978-3-319-01147-9_1},
  howpublished={[EB/OL]},
  year={2007}
}

@article{8,
  title={Graph based test case generation for TLM functional verification},
  author={Mohammad Reza Kakoee and Mohammad Hossein Neishaburi and Siamak Mohammadi},
  journal={Microprocessors and Microsystems},
  volume={32},
  number={5-6},
  pages={288--295},
  year={2008},
  publisher={Elsevier}
}

@article{9,
  author          = {许汉荆;陈杰;刘建;敖天勇;奚杰},
  title           = {SystemC建模在多核处理器设计中的应用},
  journal         = {国外电子测量技术},
  volume          = {28},
  issue           = {06},
  pages           = {75-78},
  year            = {2009}
}

@article{10,
  title = {5GPy: A SimPy-based simulator for performance evaluations in 5G hybrid Cloud-Fog RAN architectures},
  journal = {Simulation Modelling Practice and Theory},
  volume = {101},
  pages = {102030},
  year = {2020},
  author = {Rodrigo Izidoro Tinini and Matias Romário Pinheiro dos Santos and Gustavo Bittencourt Figueiredo and Daniel Macêdo Batista},
}

@article{11,
  title = {Forest-based supply chain modelling using the SimPy simulation framework},
  journal = {IFAC-PapersOnLine},
  volume = {49},
  number = {2},
  pages = {90-95},
  year = {2016},
  author = {Tatiana M. Pinho and João Paulo Coelho and José Boaventura-Cunha},
}

@article{12,
  title = {A gem5 trace-driven simulator for fast architecture exploration of OpenMP workloads},
  journal = {Microprocessors and Microsystems},
  volume = {67},
  pages = {42-55},
  year = {2019},
  author = {Alejandro Nocua and Florent Bruguier and Gilles Sassatelli and Abdoulaye Gamatié},
}

@article{13,
  title = {Pareto optimal design space exploration of cyber-physical systems},
  journal = {Internet of Things},
  volume = {12},
  pages = {100308},
  year = {2020},
  author = {Maral Amir and Tony Givargis},
}

@article{14,
  author={Wayne Wolf and Ahmed Jerraya Amine and Grant Martin},
  journal={IEEE Transactions on Computer-Aided Design of Integrated Circuits and Systems}, 
  title={Multiprocessor System-on-Chip (MPSoC) Technology}, 
  year={2008},
  volume={27},
  number={10},
  pages={1701-1713},
}

@article{15,
  author={Amit Kumar Singh and Muhammad Shafique and Akash Kumar and Jörg Henkel},
  booktitle={2013 50th ACM/EDAC/IEEE Design Automation Conference (DAC)}, 
  title={Mapping on multi/many-core systems: Survey of current and emerging trends}, 
  year={2013},
  volume={},
  number={},
  pages={1-10},
}

@article{16,
  title={An introduction to genetic algorithms},
  author={Deb, Kalyanmoy},
  journal={Sadhana},
  volume={24},
  number={4-5},
  pages={293--315},
  year={1999},
  publisher={Springer}
}

@misc{17,
  author       = {Jazzbin and et.al.},
  title        = {geatpy: The genetic and evolutionary algorithm toolbox with high performance in python},
  url          = {http://www.geatpy.com/},
  year         = {2020}
}

@article{18, 
  author          = {丁青锋 and 尹晓宇},
  title           = {差分进化算法综述},
  journal         = {智能系统学报},
  volume          = {12},
  issue           = {04},
  pages           = {431-442},
  year            = {2017}
}

@article{19,
  author          = {王春林 and 叶剑 and 曾成 and 夏勇 and 罗波},
  title           = {基于NSGA-Ⅱ遗传算法高比转速混流泵多目标优化设计},
  journal         = {农业工程学报},
  volume          = {31},
  issue           = {18},
  pages           = {100-106},
  year            = {2015}
}

@article{20,
  author          = {陈碧云 and 韦杏秋 and 陈绍南 and 刘柏江},
  title           = {基于多种群遗传算法的电力系统多目标优化},
  journal         = {电力系统及其自动化学报},
  volume          = {27},
  issue           = {07},
  pages           = {24-29},
  year            = {2015}
}

@inproceedings{21,
  title={Genetic Algorithms for Multiobjective Optimization: FormulationDiscussion and Generalization.},
  author={Fonseca, Carlos M and Fleming, Peter J and others},
  booktitle={Icga},
  volume={93},
  number={July},
  pages={416--423},
  year={1993},
  organization={Citeseer}
}

@article{22,
  author          = {郑金华 and 申瑞珉 and 李密青 and 邹娟 and 袁琦钊},
  title           = {多目标优化的进化环境模型及实现},
  journal         = {计算机学报},
  volume          = {37},
  issue           = {12},
  pages           = {2530-2547},
  year            = {2014}
}

@article{23,
  author          = {R.V. Rao and R.J. Lakshmi},
  title           = {Ranking of Pareto-optimal solutions and selecting the best solution in multi- and many-objective optimization problems using R-method},
  journal         = {Soft Computing Letters},
  issue           = {2666-2221},
  pages           = {100015},
  year            = {2021}
}

@Inbook{24,
  author={William B. T. Mock},
  title={Pareto Optimality},
  bookTitle={Encyclopedia of Global Justice},
  year={2011},
  pages={808--809},
}

@mastersthesis{25,
  author  = {韩贝},
  title   = {SQLite数据库研究与应用},
  school  = {南京邮电大学},
  year    = {2019}
}

@article{26,
  author          = {叶清明 and 刘晓燕 and 付晓东},
  title           = {基于MDA的SQLite碎片数据清除技术},
  journal         = {计算机应用与软件},
  volume          = {34},
  issue           = {01},
  pages           = {50-54},
  year            = {2017}
}

@article{27,
  author          = {伍智平},
  title           = {刍议嵌入式数据库SQLite的原理与应用},
  journal         = {通讯世界},
  issue           = {08},
  pages           = {79},
  year            = {2016}
}

@article{28,
  author          = {M. Srinivas and L.M. Patnaik},
  title           = {Adaptive probabilities of crossover and mutation in genetic algorithms},
  journal         = {IEEE Transactions on Systems, Man, and Cybernetics},
  volume          = {24},
  number          = {4},
  pages           = {656-667},
  year            = {1994}
}

@mastersthesis{29,
  author  = {张晶},
  title   = {基于AdaBoost回归树的多目标预测算法的研究},
  school  = {北京交通大学},
  year    = {2017}
}

@article{30,
  author          = {喻伟 and 李百战 and 杨明宇 and 杜秀媛},
  title           = {基于人工神经网络的建筑多目标预测模型},
  journal         = {中南大学学报(自然科学版)},
  volume          = {43},
  issue           = {12},
  pages           = {4949-4955},
  year            = {2012}
}

@mastersthesis{31,
  author  = {施华钧},
  title   = {高效异步FIFO的设计实现},
  school  = {湖南大学},
  year    = {2013}
}

@inproceedings{32,
  author          = {Haitong Li and Mudit Bhargava and Paul N. Whatmough and H.-S. Philip Wong},
  title           = {On-Chip Memory Technology Design Space Explorations for Mobile Deep Neural Network Accelerators},
  booktitle       = {Proceedings of the 56th Annual Design Automation Conference 2019},
  pages           = {6},
  year            = {2019}
}

@mastersthesis{33,
  author  = {冯浩},
  title   = {动态可切换流水线RISC-V处理器建模与实现},
  school  = {西安理工大学},
  year    = {2017}
}

@article{34,
  title={决策树算法及其核心技术},
  author={杨学兵 and 张俊},
  journal={计算机技术与发展},
  volume={17},
  number={1},
  pages={43--45},
  year={2007}
}

@article{35,
  author          = {K. Deb and A. Pratap and S. Agarwal and T. Meyarivan},
  title           = {A fast and elitist multiobjective genetic algorithm: NSGA-II},
  journal         = {IEEE Transactions on Evolutionary Computation},
  volume          = {6},
  number          = {2},
  pages           = {182-197},
  year            = {2002}
}

@article{36,
title = {Pareto optimal design space exploration of cyber-physical systems},
journal = {Internet of Things},
volume = {12},
pages = {100308},
year = {2020},
author = {Maral Amir and Tony Givargis},
}

@article{37,
  title={AFDX-ES SoC虚拟仿真平台的构建与应用},
  author={田靖 and 田泽},
  journal={计算机技术与发展},
  volume={20},
  issue={08},
  pages={192-194+198},
  year={2007}
}

@article{38,
  author          = {Graphics, Mentor},
  url             = {www.mentor.com},
  title           = {Vista Architect - System Level Design Solution for Performance and Power},
  year            = {2009}
}
@mastersthesis{39,
  author  = {蓝帆},
  school  = {浙江大学},
  title   = {片上网络的系统可工作性建模、仿真与加速},
  year    = {2016}
}

@article{40,
  title={软硬件协同设计语言System C在SoC设计中的应用},
  author={刘珂 and 郑学仁 and 李斌},
  journal={半导体技术},
  issue={04},
  pages={22-25+47},
  year={2002}
}

@incollection{41,
  author         = {Brian Bailey and Grant Martin and Andrew Piziali},
  booktitle      = {ESL Design and Verification},
  publisher      = {Morgan Kaufmann},
  title          = {Chapter 1 - What Is ESL?},
  year           = {2007},
  pages          = {1-9}
}

@book{42,
  author         = {郭炜等},
  publisher      = {电子工业出版社},
  title          = {SoC设计方法与实现（第2版）},
  year           = {2011},
  pages          = {54~55}
}